<record><leader>00000cas a22000007a 4500</leader><controlfield tag="001">17655897</controlfield><controlfield tag="008">880321d18811886ohuwr ne      0    0eng d</controlfield><datafield ind1=" " ind2=" " tag="010"><subfield code="a">sn 88077289 </subfield></datafield><datafield ind1=" " ind2=" " tag="040"><subfield code="a">ONP</subfield><subfield code="b">eng</subfield><subfield code="c">ONP</subfield><subfield code="d">OCLCQ</subfield></datafield><datafield ind1=" " ind2=" " tag="042"><subfield code="a">msc</subfield></datafield><datafield ind1="0" ind2=" " tag="130"><subfield code="a">Valley sentinel (Sidney, Ohio)</subfield></datafield><datafield ind1="1" ind2="4" tag="245"><subfield code="a">The Valley sentinel.</subfield></datafield><datafield ind1=" " ind2=" " tag="260"><subfield code="a">Sidney, Ohio :</subfield><subfield code="b">John T. Hearn</subfield></datafield><datafield ind1=" " ind2=" " tag="310"><subfield code="a">Weekly</subfield></datafield><datafield ind1="1" ind2=" " tag="362"><subfield code="a">Began with Sept. 1, 1880 issue; ceased with Aug. 26, 1886 issue.</subfield></datafield><datafield ind1=" " ind2=" " tag="588"><subfield code="a">Description based on: Vol. 2, no. 9 (Oct. 27, 1881).</subfield></datafield><datafield ind1=" " ind2=" " tag="752"><subfield code="a">United States</subfield><subfield code="b">Ohio</subfield><subfield code="c">Shelby</subfield><subfield code="d">Sidney.</subfield></datafield></record>